% !TeX spellcheck = en_US
%%%%%%%%%%% bibliography.bib %%%%%%%%%%%%%%%%%%%

@article{pre-processing_text_data,
	author = {Ali Hamza},
	title = {Effectively Pre-processing the Text Data Part 1: Text Cleaning},
	date = {Jan 30, 2019},
}

@article{imdb_movies_review,
	author = {Ali HamzaPrashuna Sai Surya Vishwitha Domadula
	Sai Sumanwita Sayyaparaju},
	title = {Sentiment Analysis Of IMDB Movie Reviews},
	date = {May 2023},
}
%%%%%%%%%%%%% end %%%%%%%%%%%%%%%%%%%%%%